@misc{RN3,
   author = {Solutions, Global Fiberglass},
   title = {Global Fiberglass Services},
   url = {https://www.globalfiberglassinc.com},
   year = {2022},
   type = {Web Page}
}

@article{RN4,
   author = {Aras, Necati and Orbay, M and Altinel, I Kuban},
   title = {Efficient heuristics for the rectilinear distance capacitated multi-facility Weber problem},
   journal = {Journal of the Operational Research Society},
   volume = {59},
   number = {1},
   pages = {64-79},
   ISSN = {1476-9360},
   year = {2008},
   type = {Journal Article}
}

@misc{RN16,
   author = {Canada, Natural Resources},
   title = {Canadian Wind Turbine Database },
   year = {2020},
   type = {Dataset}
}

@article{RN19,
   author = {Deutch, John},
   title = {Is net zero carbon 2050 possible?},
   journal = {Joule},
   volume = {4},
   number = {11},
   pages = {2237-2240},
   ISSN = {2542-4351},
   year = {2020},
   type = {Journal Article}
}

@article{RN13,
   author = {Fonte, Rosario and Xydis, George},
   title = {Wind turbine blade recycling: An evaluation of the European market potential for recycled composite materials},
   journal = {Journal of Environmental Management},
   volume = {287},
   pages = {112269},
   ISSN = {0301-4797},
   year = {2021},
   type = {Journal Article}
}

@misc{RN2,
   author = {Gouldrick, Michael},
   title = {What happens to end-of-life wind turbine blades?},
   url = {https://www.ny1.com/nyc/all-boroughs/weather/2022/08/15/what-happens-to-end-of-life-windmill-blades-},
   year = {2022},
   type = {Web Page}
}

@article{RN10,
   author = {Heng, Herman and Meng, Fanran and McKechnie, Jon},
   title = {Wind turbine blade wastes and the environmental impacts in Canada},
   journal = {Waste Management},
   volume = {133},
   pages = {59-70},
   ISSN = {0956-053X},
   year = {2021},
   type = {Journal Article}
}

@article{RN12,
   author = {Hogan, Daniel J and Morrison, Megan and Desai, Anand},
   title = {Fiberglass, Dusts},
   journal = {Kanerva’s Occupational Dermatology},
   pages = {543-557},
   ISSN = {3319686151},
   year = {2020},
   type = {Journal Article}
}

@article{RN17,
   author = {Jain, Amit},
   title = {Global e-waste growth},
   journal = {E-waste: Implication, Regulations, and Management in India and Current Global Best Practices},
   pages = {3-22},
   year = {2008},
   type = {Journal Article}
}

@article{RN18,
   author = {Lopez, Anthony and Mai, Trieu and Lantz, Eric and Harrison-Atlas, Dylan and Williams, Travis and Maclaurin, Galen},
   title = {Land use and turbine technology influences on wind potential in the United States},
   journal = {Energy},
   volume = {223},
   pages = {120044},
   ISSN = {0360-5442},
   year = {2021},
   type = {Journal Article}
}

@article{RN7,
   author = {Lu, Lin and Yang, Hongxing and Burnett, John},
   title = {Investigation on wind power potential on Hong Kong islands—an analysis of wind power and wind turbine characteristics},
   journal = {Renewable Energy},
   volume = {27},
   number = {1},
   pages = {1-12},
   ISSN = {0960-1481},
   year = {2002},
   type = {Journal Article}
}

@article{RN11,
   author = {Masala, Daniele},
   title = {Towards Sustainable Sport},
   journal = {Senses and Sciences},
   volume = {2},
   number = {3},
   ISSN = {2284-2489},
   year = {2015},
   type = {Journal Article}
}

@article{RN1,
   author = {Mishnaevsky Jr, Leon},
   title = {Root causes and mechanisms of failure of wind turbine blades: Overview},
   journal = {Materials},
   volume = {15},
   number = {9},
   pages = {2959},
   ISSN = {1996-1944},
   year = {2022},
   type = {Journal Article}
}

@article{RN9,
   author = {Potter, Chris},
   title = {New $3.3M facility planned in Bath will recycle wind turbine blades and other materials},
   journal = {The Evening Tribune},
   url = {https://www.eveningtribune.com/story/business/2022/08/10/planned-bath-facility-recycle-windmill-blades/65392284007/},
   year = {2022},
   type = {Journal Article}
}

@misc{RN6,
   author = {Quebec, Direction du transport routier des marchandises du},
   title = {Road vehicle load and size limits GUIDE},
   url = {https://www.transports.gouv.qc.ca/en/camionnage/charges-dimensions/Documents/guide-load-size.pdf},
   type = {Government Document}
}


@article{RN14,
   author = {Stephanie Cairns, Geoff McCarney },
   title = {SOLAR AND WIND ENERGY IN CANADA VALUE RECOVERY AND END-OF-LIFE CONSIDERATIONS},
   journal = {Smart Prosperity Insitute },
   url = {https://institute.smartprosperity.ca/sites/default/files/Policy%20Brief%20-%202021%20-%20Solar%20Wind%20-%20October20.pdf},
   year = {2021},
   type = {Journal Article}
}

@article{RN8,
   author = {Tjiu, Willy and Marnoto, Tjukup and Mat, Sohif and Ruslan, Mohd Hafidz and Sopian, Kamaruzzaman},
   title = {Darrieus vertical axis wind turbine for power generation II: Challenges in HAWT and the opportunity of multi-megawatt Darrieus VAWT development},
   journal = {Renewable Energy},
   volume = {75},
   pages = {560-571},
   ISSN = {0960-1481},
   year = {2015},
   type = {Journal Article}
}

@misc{RN5,
   author = {Transportation, Ontario Container},
   title = {Average Pricing for Full Truckload Shipping in Ontario},
   volume = {2022},
   number = {7 December 2022},
   url = {https://octi.ca/average-pricing-for-full-truckload-shipping-in-ontario/},
   year = {2021},
   type = {Web Page}
}

